<?xml version="1.0" encoding="UTF-8"?><collection xmlns="http://www.loc.gov/MARC21/slim"><record><leader>00327nam--2200121-i-4500</leader><controlfield tag="001">000001911</controlfield><controlfield tag="002">20161230</controlfield><controlfield tag="005">20161230201024</controlfield><controlfield tag="008">060222s1000------------r-----000-0-eng-d</controlfield><datafield ind1=" " ind2=" " tag="100"><subfield code="a">Ergin, Emil</subfield></datafield><datafield ind1=" " ind2=" " tag="245"><subfield code="a">Sur l observation de la contraction de lorentz</subfield></datafield><datafield ind1=" " ind2=" " tag="260"><subfield code="a">Zagreb, Glasnik Mat.-fizicki I Astron., 1962. 7 P</subfield></datafield><datafield ind1=" " ind2=" " tag="852"><subfield code="a">9010</subfield></datafield></record></collection>